<record><leader>00000cas a2200000 a 4500</leader><controlfield tag="001">741214180</controlfield><controlfield tag="008">110713d18861894orudr ne      0    0ger c</controlfield><datafield ind1=" " ind2=" " tag="010"><subfield code="a">  2011260106</subfield></datafield><datafield ind1=" " ind2=" " tag="040"><subfield code="a">ORU</subfield><subfield code="b">eng</subfield><subfield code="c">ORU</subfield><subfield code="d">ORU</subfield><subfield code="d">OCLCF</subfield></datafield><datafield ind1=" " ind2=" " tag="042"><subfield code="a">pcc</subfield></datafield><datafield ind1=" " ind2=" " tag="043"><subfield code="a">n-us-or</subfield></datafield><datafield ind1="0" ind2=" " tag="130"><subfield code="a">Oregon Staats=Zeitung (Portland, Or. : Daily ed.)</subfield></datafield><datafield ind1="1" ind2="0" tag="245"><subfield code="a">Oregon Staats=Zeitung.</subfield></datafield><datafield ind1="3" ind2=" " tag="246"><subfield code="a">Oregon Staats Zeitung</subfield></datafield><datafield ind1="1" ind2="3" tag="246"><subfield code="a">Staats=Zeitung</subfield></datafield><datafield ind1="1" ind2=" " tag="246"><subfield code="i">Issues for Feb. 23, 1894-Mai 23, 1894 have title:</subfield><subfield code="a">Oregon Staats=Anzeiger</subfield></datafield><datafield ind1=" " ind2=" " tag="250"><subfield code="a">[Daily ed.]</subfield></datafield><datafield ind1=" " ind2=" " tag="260"><subfield code="a">Portland, Or. :</subfield><subfield code="b">Oregon Staats=Zeitung Publishing Co.,</subfield><subfield code="c">[1886-1894?]</subfield></datafield><datafield ind1="2" ind2=" " tag="260"><subfield code="3">Feb. 21, 1994-May 21, 1994 :</subfield><subfield code="a">Blochberger &amp; Co.</subfield></datafield><datafield ind1="3" ind2=" " tag="260"><subfield code="3">May 22, 1994- :</subfield><subfield code="a">Oregon Printing &amp; Publishing Co.</subfield></datafield><datafield ind1=" " ind2=" " tag="300"><subfield code="a">v.</subfield></datafield><datafield ind1=" " ind2=" " tag="310"><subfield code="a">Daily</subfield></datafield><datafield ind1="1" ind2=" " tag="362"><subfield code="a">Began in 1886; ceased in 1894?</subfield><subfield code="z">Cf. Gregory, W.  American newspapers.</subfield></datafield><datafield ind1=" " ind2=" " tag="530"><subfield code="a">Also available on microfilm from University of Oregon.</subfield></datafield><datafield ind1=" " ind2=" " tag="580"><subfield code="a">Weekly editions: Staats Zeitung, -1889; Oregon Staats Zeitung, 1990-</subfield></datafield><datafield ind1=" " ind2=" " tag="588"><subfield code="a">Description based on: 7 ter Jahrg. Nr. 2050 (5. Aug. 1893); title from masthead.</subfield></datafield><datafield ind1=" " ind2=" " tag="588"><subfield code="a">Latest issue consulted: 8 ter Jahrg. Nr. 2304 (4. Juni 1894).</subfield></datafield><datafield ind1=" " ind2="0" tag="651"><subfield code="a">Northwest, Pacific</subfield><subfield code="v">Newspapers.</subfield></datafield><datafield ind1=" " ind2="7" tag="655"><subfield code="a">Newspapers.</subfield><subfield code="2">fast</subfield><subfield code="0">(OCoLC)fst01423814</subfield></datafield><datafield ind1=" " ind2="7" tag="651"><subfield code="a">Pacific Northwest.</subfield><subfield code="2">fast</subfield><subfield code="0">(OCoLC)fst01242543</subfield></datafield><datafield ind1=" " ind2=" " tag="752"><subfield code="a">United States</subfield><subfield code="b">Oregon</subfield><subfield code="c">Multnomah</subfield><subfield code="d">Portland.</subfield></datafield><datafield ind1="1" ind2=" " tag="775"><subfield code="t">Staats Zeitung</subfield><subfield code="w">(DLC)sn 85042489</subfield><subfield code="w">(OCoLC)12568830</subfield></datafield><datafield ind1="1" ind2=" " tag="775"><subfield code="t">Oregon Staats Zeitung</subfield><subfield code="w">(DLC)sn 85042490</subfield><subfield code="w">(OCoLC)12568629</subfield></datafield></record>